@inproceedings{Trinder96,
 author = {Trinder, P. W. and Hammond, K. and Mattson,Jr., J. S. and Partridge, A. S. and Peyton Jones, S. L.},
 title = {GUM: A Portable Parallel Implementation of Haskell},
 booktitle = {Proceedings of the ACM SIGPLAN 1996 Conference on Programming Language Design and Implementation},
 series = {PLDI '96},
 year = {1996},
 isbn = {0-89791-795-2},
 location = {Philadelphia, Pennsylvania, USA},
 pages = {79--88},
 numpages = {10},
 url = {http://doi.acm.org/10.1145/231379.231392},
 doi = {10.1145/231379.231392},
 acmid = {231392},
 publisher = {ACM},
 address = {New York, NY, USA},
} 

@inproceedings{Harris05,
 author = {Harris, Tim and Marlow, Simon and Jones, Simon Peyton},
 title = {Haskell on a Shared-memory Multiprocessor},
 booktitle = {Proceedings of the 2005 ACM SIGPLAN Workshop on Haskell},
 series = {Haskell '05},
 year = {2005},
 isbn = {1-59593-071-X},
 location = {Tallinn, Estonia},
 pages = {49--61},
 numpages = {13},
 url = {http://doi.acm.org/10.1145/1088348.1088354},
 doi = {10.1145/1088348.1088354},
 acmid = {1088354},
 publisher = {ACM},
 address = {New York, NY, USA},
} 

@inproceedings{Marlow09,
 author = {Marlow, Simon and Peyton Jones, Simon and Singh, Satnam},
 title = {Runtime Support for Multicore Haskell},
 booktitle = {Proceedings of the 14th ACM SIGPLAN International Conference on Functional Programming},
 series = {ICFP '09},
 year = {2009},
 isbn = {978-1-60558-332-7},
 location = {Edinburgh, Scotland},
 pages = {65--78},
 numpages = {14},
 url = {http://doi.acm.org/10.1145/1596550.1596563},
 doi = {10.1145/1596550.1596563},
 acmid = {1596563},
 publisher = {ACM},
 address = {New York, NY, USA},
 keywords = {Haskell parallel runtime},
}
